% Collider Physics References
@book{ITP:Energy,
    author = "C. Anastasiou and L. Baudis and V. Chiochia",
    title = "Particle Physics Phenomenology 1, Chapter 4",
    publisher = "Institute for Theoretical Physics, Zurich",
    note = "\url{http://www.itp.phys.ethz.ch/education/hs10/ppp1/PPP1_4.pdf}",
}

@online{CERN:RFCAV,
    author = {CERN},
    title = {Radiofrequency Cavities},
    url = {http://home.web.cern.ch/about/engineering/radiofrequency-cavities},
    urldate = {2014-09-02}
}
% End Collider Physics References

%begin Introduction to Particle Physics and Critical Assessment of Previous Colliders references

@online{
CERN:SM:Online,
author={CERN},
title={The Standard Model},
month=Feb,
year={2014},
url={http://home.web.cern.ch/about/physics/standard-model}
}

@article{
Colosi:2005:CQG,
author={Daniele Colosi and Luisa Doplicher and Winston Fairbairn and Leonardo Modesto and Carlo Rovelli},
title={Background independence in a nutshell: The dynamics of a tetrahedron},
journal={Classical Quantum Gravity},
volume={22},
pages={2971-2990},
year={2005},
url={http://arxiv.org/gr-qc/0408079}
}

@conference{
Krauss:2009:Conference,
author={Lawrence Kraus},
title={A Universe from Nothing},
year={2009},
url={http://www.youtube.com/watch?v=7ImvlS8PLIo}
}

@article{
Fukuda:1998:Kamiokande,
author={Y. Fukuda and others},
title={Evidence for oscillation of atmospheric neutrinos},
journal={Physical Review Letters},
volume={81},
pages={1562-1567},
year={1998},
url={http://arxiv.org/abs/hep--ex/9807003}
}

@article{
Sather:1999:MatterA,
author={Eric Sather},
title={The Mystery of the Matter Asymmetry},
journal={Beam Line},
volume={26},
year={1999},
url={http://www.slac.stanford.edu/pubs/beamline/26/1/26-1-sather.pdf}
}

@online{
Brading:2013:Symmetry,
author={Katherine Brading and Elena Castellani},
title={Symmetry and Symmetry Breaking},
journal={The Stanford Encyclopedia of Philosophy},
year={2013},
url={http://plato.stanford.edu/archives/spr2013/entries/symmetry-breaking/}
}

@online{
Fermi:ElectroWeak,
title={What is Electroweak Symmetry Breaking Anyway?},
author={FermiNews},
journal={FermiNews},
volume={21},
pages={1-23},
month=January,
year={1998},
url={https://www.fnal.gov/pub/ferminews/FermiNews98-01-23.pdf}
}

@online{
Fermi:Muon:Online,
author={Fermilab},
title={Muon Collider},
month=Sep,
year={2011},
url={http://www.fnal.gov/pub/muon_collider/},
}

@online{
BBC:SUSY,
author={Melissa Hogenboom},
title={Ultra-rare decay confirmed in LHC},
month=July,
year={2013},
url={http://www.bbc.co.uk/news/science-environment-23431797},
}

@misc{
Waters:Interview,
author={Mary O'Donnell and Harapan Ong},
title={Notes on Interview with Dr Waters},
year={2014},
month=Feb,
}

@misc{
Butterworth:Interview,
author={Mary O'Donnell and Harapan Ong},
title={Interview Transcript, Prof Jon Butterworth},
year={2014},
month=Feb,
}

@misc{
Thorne:Interview,
author={Mary O'Donnell and Harapan Ong},
title={Interview Transcript, Prof Robert Thorne},
year={2014},
month=Feb,
}

@online{
CERN:Gravitons:Online,
author={CERN},
title={Extra dimensions, gravitons, and tiny black holes},
month=Feb,
year={2014},
url={http://home.web.cern.ch/about/physics/extra-dimensions-gravitons-and-tiny-black-holes}
}

@article{
deAquino:Gravitons,
author={Priscila de Aquino and Kaoru Hagiwara and Qiang Li and Fabio Maltoni},
title={Simulating graviton production at hadron colliders},
journal={Journal of High Energy Physics (JHEP)},
volume={132},
pages={1106},
month=July,
year={2011}
url={http://arxiv.org/abs/1101.5499}
}

@online{
CLIC:Concept,
author={CERN},
title={CLIC Conceptual Design Report},
month=Dec,
year={2012},
url={https://edms.cern.ch/file/1176246/1/CLIC_CDR_PhysDet_SPC-version.pdf}
}

@online{
PDG:Leptoquark,
author={Rolli S. and Tanabashi M.},
title={Leptoquarks},
month=Aug,
year={2011},
journal={Particle Data Group, US Department of Energy},
url={http://pdg.lbl.gov/2011/reviews/rpp2011-rev-leptoquark-quantum-numbers.pdf}
}

@online{
CERN:Supersymmetry,
author={CERN},
title={Supersymmetry},
month=Feb,
year={2014},
url={http://home.web.cern.ch/about/physics/supersymmetry}
}

@online{
Tevatron:MRI:Online,
author={Stuart Henderson},
title={How the Fermilab Tevatron led to the MRI machine},
month=Feb,
year={2014},
url={http://www.youtube.com/watch?v=YHlWr4yZTt0}
}

@online{
Tevatron:Retrospective:Online,
author={S. D. Holmes},
title={Remembering the Tevatron: The Machine(s)},
month=Aug,
year={2011},
journal={The arXiv},
url={http://arxiv.org/pdf/1109.2937.pdf}
}

@online{
Tevatron:Antiprotons:Online,
author={Fermilab},
title={Tevatron Operation: All about antimatter},
month=Feb,
year={2014},
url={http://www.fnal.gov/pub/tevatron/tevatron-operation.html}
}

@online{
SSC:SI:Online,
title={World's Largest Super Collider: Abandoned},
month=Jan,
year={2012},
journal={Sometimes Interesting},
url={http://sometimes-interesting.com/2012/01/31/worlds-largest-super-collider-abandoned/},
}

@online{
SSC:Weinberg:Online,
author={Steven Weinberg},
title={The Crisis of Big Science},
month=May,
year={2012},
journal={The New York Review of Books},
url={http://www.nybooks.com/articles/archives/2012/may/10/crisis-big-science/},
}

@online{
SSC:LAT:Online,
author={Joy Aschenbach},
title={No Resurrection in Sight for Moribund Super Collider},
month=Dec,
year={1993},
journal={The Los Angeles Times},
url={http://articles.latimes.com/1993-12-05/news/mn-64100_1_superconducting-super-collider}
}

@online{
SSC:Sun:Online,
author={Michelle Mittelstadt},
title={Congress officially kills super collider project},
month=Oct,
year={1993},
journal={The Sun-Journal},
url={http://news.google.com/newspapers?id=kGAgAAAAIBAJ&sjid=umUFAAAAIBAJ&dq=cost%20overrun%20ssc&pg=3808%2C4981568},
}

@book{
SSC:BE,
author={John Daintith and Sarah Mitchell and Elizabeth Tootill and Derek Gjertson},
title={Biographical Encyclopedia of Scientists, Second Edition},
month=Jan,
year={1994},
pages=806,
}

@online{
LHC:Milestone:Online,
author={Sharon Gaudin},
title={Collider test called `great milestone of mankind'},
month=Sep,
year={2008},
journal={Computer World UK},
url={http://www.computerworlduk.com/news/infrastructure/10948/collider-test-called-a-great-milestone-of-mankind/},
}

@article{
PhysRevLett:Top1,
author={F. Abe and others},
title={Observation of Top Quark production in $p\overline{p}$ Collisions with the Collider Detector at Fermilab},
month=Apr,
year={1995},
journal={Physical Review Letters},
volume={74},
pages={2626-2631},
url={http://prl.aps.org/abstract/PRL/v74/i14/p2626_1},
}

@article{
PhysRevLett:Top2,
author={S. Abachi and others},
title={Search for High Mass Top Quark Production in $p\overline{p}$ Collisions at $\sqrt{s}=1.8$ TeV},
month=Apr,
year={1995},
journal={Physical Review Letters},
volume={74},
pages={2422-2426},
url={http://prl.aps.org/abstract/PRL/v74/i13/p2422_1},
}

@article{
PhysRevLett:Omega,
author={V. M. Abazov and others},
title={Observation of the Doubly Strange b Baryon $\Omega_{b}^{-}$},
month=Dec,
year={2008},
journal={Physical Review Letters},
volume={101},
url={http://prl.aps.org/abstract/PRL/v101/i23/e232002},
}

@online{
Fermi:Sigma:Online,
author={Fermilab},
title={Experimenters at Fermilab discover exotic relatives of protons and neutrons},
month=Oct,
year={2006},
url={http://www.fnal.gov/pub/presspass/press_releases/sigma-b-baryon.html},
}

@online{
Fermi:Xi:Online,
author={Fermilab},
title={Back-to-back Baryons in Batavia},
month=Jun,
year={2007},
url={http://www.fnal.gov/pub/presspass/press_releases/sigma-b-baryon.html},
}

@online{
Fermi:Higgs:Online,
author={Fermilab},
title={Evidence for a particle produced in association with weak bosons and decaying to a bottom-antibottom quark pair in Higgs boson searchs at the Tevatron},
month=July,
year={2012},
url={http://tevnphwg.fnal.gov/results/Higgs_bb_Summer_12/index.html}
}

@article{
PhysLettB:Higgs:CMS,
author={CMS},
title={Observation of a new boson at a mass of 125 GeV with the CMS experiment at the LHC},
month=Sep,
year={2012},
journal={Physics Letters B},
volume={716},
pages={30-61},
url={http://www.sciencedirect.com/science/article/pii/S0370269312008581},
}

@article{
PhysLettB:Higgs:ATLAS,
author={ATLAS},
title={Observation of a New Particle in the Search for the Standard Model Higgs Boson with the ATLAS Detector at the LHC},
month=Sep,
year={2012},
journal={Physics Letters B},
volume={716},
pages={1-29},
url={http://www.sciencedirect.com/science/article/pii/S037026931200857X},
}

@article{
PhysLettB:ProtonSpin,
author={J. Ashman and others},
title={A measurement of the spin asymmetry and determination of the structure function $g_{1}$ in deep inelastic muon-proton scattering},
month=May,
year={1988},
journal={Physics Letters B},
volume={206},
issue={2},
pages={364-370},
url={http://www.sciencedirect.com/science/article/pii/0370269388915237},
}

@article{
NucPhysA:QuarkGluon,
author={Miklos Gyulassya and Larry McLerranb},
title={New forms of QCD matter discovered at RHIC},
month=Mar,
year={2005},
journal={Nuclear Physics A},
volume={750},
issue={1},
pages={30,63},
url={http://www.sciencedirect.com/science/article/pii/S0375947404011480},
}

@online{
CERN:QuarkGluonPlasma:Online,
author={CERN},
title={Heavy ions and quark-gluon plasma},
month=Feb,
year={2014},
url={http://home.web.cern.ch/about/physics/heavy-ions-and-quark-gluon-plasma}
}

@online{
LHC:14TeV:Online,
author={Sebastian Anthony},
title={CERN begins LHC upgrade, to hopefully `change our understanding of the universe'},
journal={Extreme Tech},
month=Apr,
year={2013},
url={http://www.extremetech.com/extreme/152326-cern-begins-lhc-upgrade-to-hopefully-change-our-understanding-of-the-universe},
}

@online{
RHIC:Spin,
author={RHIC},
title={Spin Physics},
month=Feb,
year={2014},
url={http://www.bnl.gov/rhic/spin.asp},
}

@online{
CERN:14Tev:Online,
author={CERN},
title={The first LHC protons run ends with new milestone},
month=Dec,
year={2012},
url={http://press.web.cern.ch/press-releases/2012/12/first-lhc-protons-run-ends-new-milestone}
}

@online{
LHC:Home,
author={STFC},
title={Large Hadron Collider (LHC)},
month=Feb,
year={2014},
url={http://www.stfc.ac.uk/646.aspx},
}

@online{
ATLAS:Gallery:Online,
author={ATLAS},
title={ATLAS Experiment},
month=Feb,
year={2014},
url={http://www.atlas.ch/photos/detector-site-surface.html}
}

@online{
LHC:ComputingGrid:Online,
author={WLCG},
month=Feb,
year={2014},
url={http://wlcg.web.cern.ch/},
}

@online{
NatGeo:QuarkGluon:Online,
author={Ker Than},
journal={National Geographic News},
month=May,
year={2011},
url={http://news.nationalgeographic.com/news/2011/05/110524-densest-matter-created-lhc-alice-big-bang-space-science/},
}

@online{
arXiv:ATLAS:Bottomonium,
author={ATLAS},
title={Observation of a new $\chi_{b}$ state in radiative transitions to $\Upsilon$(1S) and $\Upsilon$(2S) at ATLAS},
journal={arXiv},
month=Feb,
year={2012},
url={http://arxiv.org/abs/1112.5154v4},
}

@online{
BBC:MagnetQuench:Online,
author={Paul Rincon},
title={Collider halted until next year},
month=Sep,
year={2008},
url={http://news.bbc.co.uk/1/hi/sci/tech/7632408.stm},
}

@misc{
CERN:IncidentReport,
author={CERN},
title={Interim Summary Report on the Analysis of the 19 September 2008 Incident at the LHC},
month=Oct,
year={2008},
url={https://edms.cern.ch/file/973073/1/Report_on_080919_incident_at_LHC__2_.pdf},
}

@online{
CERN:LEP:Online,
author={CERN},
title={The Large Electron-Positron Collider},
month=Feb,
year={2014},
url={http://home.web.cern.ch/about/accelerators/large-electron-positron-collider},
}

@online{
LEP:History:Online,
author={Stephen Myers},
title={The LEP Collider: from Design to Approval and Commissioning},
month=Nov,
year={1990},
url={http://sl-div.web.cern.ch/sl-div/history/lep_doc.html},
}

@online{
ALEPH:Physics:Online,
author={ALEPH},
title={Some Physics Results from ALEPH},
year=1998,
url={http://aleph.web.cern.ch/aleph/aleph/newpub/physics.html},
}

@online{
SPS:HERA,
author={Christoph Grab},
title={What we learned about the proton from HERA},
month=Jul,
year={2009},
url={http://www.sps.ch/en/articles/progresses/what_we_learned_about_the_proton_from_hera_15/},
}

@online{
PHYS:HERA,
author={STFC},
title={End of an era at HERA accelerator},
month=Jul,
year={2007},
url={http://phys.org/news102592075.html},
}

@journal{
CroninFitch:CP,
author={J. H. Christenson and J. W. Cronin and V. L. Fitch and R. Turlay},
title={Evidence for the 2\textpi Decay of the $K_{2}^{0}$ Meson},
month=Jul,
year={1964},
journal={Physics Review Letters},
vol={13},
issue={138},
}
url={http://journals.aps.org/prl/abstract/10.1103/PhysRevLett.13.138},
}

@article{ZEUS:Leptoquark,
title={Search for first-generation leptoquarks at HERA},
author={Abramowicz, H. and Abt, I. and Adamczyk, L. and Adamus, M. and Aggarwal, R. and Antonelli, S. and Antonioli, P. and Antonov, A. and Arneodo, M. and Arslan, O. and Aushev, V. and Aushev, Y. and Bachynska, O. and Bamberger, A. and Barakbaev, A. N. and Barbagli, G. and Bari, G. and Barreiro, F. and Bartosik, N. and Bartsch, D. and Basile, M. and Behnke, O. and Behr, J. and Behrens, U. and Bellagamba, L. and Bertolin, A. and Bhadra, S. and Bindi, M. and Blohm, C. and Bokhonov, V. and Bo\l{}d, T. and Bondarenko, K. and Boos, E. G. and Borras, K. and Boscherini, D. and Bot, D. and Brock, I. and Brownson, E. and Brugnera, R. and Br\"ummer, N. and Bruni, A. and Bruni, G. and Brzozowska, B. and Bussey, P. J. and Bylsma, B. and Caldwell, A. and Capua, M. and Carlin, R. and Catterall, C. D. and Chekanov, S. and Chwastowski, J. and Ciborowski, J. and Ciesielski, R. and Cifarelli, L. and Cindolo, F. and Contin, A. and Cooper-Sarkar, A. M. and Coppola, N. and Corradi, M. and Corriveau, F. and Costa, M. and D'Agostini, G. and Dal Corso, F. and del Peso, J. and Dementiev, R. K. and De Pasquale, S. and Derrick, M. and Devenish, R. C. E. and Dobur, D. and Dolgoshein, B. A. and Dolinska, G. and Doyle, A. T. and Drugakov, V. and Durkin, L. S. and Dusini, S. and Eisenberg, Y. and Ermolov, P. F. and Eskreys, A. and Fang, S. and Fazio, S. and Ferrando, J. and Ferrero, M. I. and Figiel, J. and Forrest, M. and Foster, B. and Gach, G. and Galas, A. and Gallo, E. and Garfagnini, A. and Geiser, A. and Gialas, I. and Gizhko, A. and Gladilin, L. K. and Gladkov, D. and Glasman, C. and Gogota, O. and Golubkov, Yu. A. and G\"ottlicher, P. and Grabowska-Bo\l{}d, I. and Grebenyuk, J. and Gregor, I. and Grigorescu, G. and Grzelak, G. and Gueta, O. and Guzik, M. and Gwenlan, C. and Haas, T. and Hain, W. and Hamatsu, R. and Hart, J. C. and Hartmann, H. and Hartner, G. and Hilger, E. and Hochman, D. and Hori, R. and Horton, K. and H\"uttmann, A. and Ibrahim, Z. A. and Iga, Y. and Ingbir, R. and Ishitsuka, M. and Jakob, H.-P. and Januschek, F. and Jones, T. W. and J\"ungst, M. and Kadenko, I. and Kahle, B. and Kananov, S. and Kanno, T. and Karshon, U. and Karstens, F. and Katkov, I. I. and Kaur, M. and Kaur, P. and Keramidas, A. and Khein, L. A. and Kim, J. Y. and Kisielewska, D. and Kitamura, S. and Klanner, R. and Klein, U. and Koffeman, E. and Kondrashova, N. and Kononenko, O. and Kooijman, P. and Korol, Ie. and Korzhavina, I. A. and Kota\ifmmode \acute{n}\else \'{n}\fi{}ski, A. and K\"otz, U. and Kowalski, H. and Kuprash, O. and Kuze, M. and Lee, A. and Levchenko, B. B. and Levy, A. and Libov, V. and Limentani, S. and Ling, T. Y. and Lisovyi, M. and Lobodzinska, E. and Lohmann, W. and L\"ohr, B. and Lohrmann, E. and Long, K. R. and Longhin, A. and Lontkovskyi, D. and Lukina, O. Yu. and Maeda, J. and Magill, S. and Makarenko, I. and Malka, J. and Mankel, R. and Margotti, A. and Marini, G. and Martin, J. F. and Mastroberardino, A. and Mattingly, M. C. K. and Melzer-Pellmann, I.-A. and Mergelmeyer, S. and Miglioranzi, S. and Mohamad dris, F. and Monaco, V. and Montanari, A. and Morris, J. D. and Mujkic, K. and Musgrave, B. and Nagano, K. and Namsoo, T. and Nania, R. and Nigro, A. and Ning, Y. and Nobe, T. and Notz, D. and Nowak, R. J. and Nuncio-Quiroz, A. E. and Oh, B. Y. and Okazaki, N. and Oliver, K. and Olkiewicz, K. and Onishchuk, Yu. and Papageorgiu, K. and Parenti, A. and Paul, E. and Pawlak, J. M. and Pawlik, B. and Pelfer, P. G. and Pellegrino, A. and Perla\ifmmode \acute{n}\else \'{n}\fi{}ski, W. and Perrey, H. and Piotrzkowski, K. and Pluci\ifmmode \acute{n}\else \'{n}\fi{}ski, P. and Pokrovskiy, N. S. and Polini, A. and Proskuryakov, A. S. and Przybycie\ifmmode \acute{n}\else \'{n}\fi{}, M. and Raval, A. and Reeder, D. D. and Reisert, B. and Ren, Z. and Repond, J. and Ri, Y. D. and Robertson, A. and Roloff, P. and Rubinsky, I. and Ruspa, M. and Sacchi, R. and Samson, U. and Sartorelli, G. and Savin, A. A. and Saxon, D. H. and Schioppa, M. and Schlenstedt, S. and Schleper, P. and Schmidke, W. B. and Schneekloth, U. and Sch\"onberg, V. and Sch\"orner-Sadenius, T. and Schwartz, J. and Sciulli, F. and Shcheglova, L. M. and Shehzadi, R. and Shimizu, S. and Singh, I. and Skillicorn, I. O. and S\l{}omi\ifmmode \acute{n}\else \'{n}\fi{}ski, W. and Smith, W. H. and Sola, V. and Solano, A. and Son, D. and Sosnovtsev, V. and Spiridonov, A. and Stadie, H. and Stanco, L. and Stefaniuk, N. and Stern, A. and Stewart, T. P. and Stifutkin, A. and Stopa, P. and Suchkov, S. and Susinno, G. and Suszycki, L. and Sztuk-Dambietz, J. and Szuba, D. and Szuba, J. and Tapper, A. D. and Tassi, E. and Terr\'on, J. and Theedt, T. and Tiecke, H. and Tokushuku, K. and Tomaszewska, J. and Trusov, V. and Tsurugai, T. and Turcato, M. and Turkot, O. and Tymieniecka, T. and V\'azquez, M. and Verbytskyi, A. and Viazlo, O. and Vlasov, N. N. and Walczak, R. and Wan Abdullah, W. A. T. and Whitmore, J. J. and Wichmann, K. and Wiggers, L. and Wing, M. and Wlasenko, M. and Wolf, G. and Wolfe, H. and Wrona, K. and Yag\"ues-Molina, A. G. and Yamada, S. and Yamazaki, Y. and Yoshida, R. and Youngman, C. and Zabiegalov, O. and \ifmmode \dot{Z}\else \.{Z}\fi{}arnecki, A. F. and Zawiejski, L. and Zenaiev, O. and Zeuner, W. and Zhautykov, B. O. and Zhmak, N. and Zhou, C. and Zichichi, A. and Zolkapli, Z. and Zotkin, D. S.},
collaboration={ZEUS Collaboration},
journal={Phys. Rev. D},
volume={86},
issue={1},
pages={012005},
numpagee={14},
year={2012},
month={Jul},
publisher={American Physical Society},
doi={10.1103/PhysRevD.86.012005},
url={http://link.aps.org/doi/10.1103/PhysRevD.86.012005}
}

@misc{
LHC:CP:Higgs,
author={Rihini Godbole},
title={CP violation in Higgs sector at LHC},
url={http://indico.cern.ch/event/19745/session/8/contribution/34/material/slides/0.pdf},
month=Sep,
year={2007}
}

%end Introduction to Particle Physics and Critical Assessment of Previous Colliders references

%begin Introduction to gamma-gamma Colliders references
@online{
CLIC:Multilinear,
author={E. Accomando and others},
title={Physics at the CLIC multi-TeV linear collider},
month=Jun,
year={2004},
url={http://arxiv.org/abs/hep-ph/0412251}
}

@online{
Chou:Higgs,
author={W. Chou and others},
title={HFiTT\textemdash Higgs Factory in Tevatron Tunnel},
month=May,
year={2013},
url={http://arxiv.org/abs/1305.5202},
}

@online{
Blondel:HiggsF,
author={A. Blondel and others},
title={Accelerators for a Higgs Factory: Linear vs Circular},
month=Feb,
year={2013},
url={http://arxiv.org/abs/1302.3318}
}

@online{
Telnov:Photons,
author={V. Telnov},
title={Comments on photon colliders for Snowmass 2013},
month=Aug,
year={2013},
url={http://arxiv.org/abs/1308.4868},
}

@online{
Zimmermann:SAPPHiRE,
author={F. Zimmermann},
title={SAPPHiRE machine concept and options},
month=Feb,
year={2013},
url={http://indico.cern.ch/materialDisplay.py?contribId=2&materialId=slides&confId=231263}
}

@online{
Bogacz:SAPPHiRE,
author={S. Bogacz and others},
title={SAPPHiRE: a Small $\gamma\gamma$ Higgs Factory},
month=Aug,
year={2012},
url={http://arxiv.org/abs/1208.2827}
}

@online{
Telnov:Photons:MIT,
author={V. Telnov},
title={Photon Colliders},
month=Apr,
year={2013},
url={http://indico.cern.ch/getFile.py/access?contribId=13&sessionId=0&resId=0&materialId=slides&confId=233944}
}

@online{
Zimmermann:TLEP,
author={F. Zimmermann},
title={Machine Design Options for LEP3, TLEP, and SAPPHiRE},
month=Oct,
year={2012},
url={http://indico.cern.ch/event/211018/contribution/6/material/slides/0.pptx},
}

@online{
Telnov:Overview,
author={V. Telnov},
title={Photon Collider Technology Overview},
month=Aug,
year={2009},
url={http://arxiv.org/pdf/0908.3136.pdf},
}
%end Introduction to gamma-gamma Colliders references

%begin Energy reach evaluation and comparison references
@online{
ILC:ReferenceDesignReport,
author={ILC},
title={ILC Reference Design Report},
month=Aug,
year={2007},
url={http://www.linearcollider.org/ILC/Publications/Reference-Design-Report}
}

@online{
CLIC:ParameterList,
author={CLIC},
title={CLIC Parameter List 3 TeV},
month=Apr,
year={2010},
url={http://clic-meeting.web.cern.ch/clic-meeting/clictable2010.html}
}

@online{
CLIC:Luminosity,
author={M. Battaglia and S. Jadach and S. Bardin},
title={Luminosity Determination at CLIC},
url={http://www.slac.stanford.edu/econf/C010630/papers/E3015.PDF}
}

@article{
IOP:ILC,
author={T. Behnke},
title={The ILC: The next step in Particle Physics},
journal={Journal of Physics: Conference Series},
volume={53},
page={37},
year={2006},
url={http://iopscience.iop.org/1742-6596/53/1/023/}
}

@online{
ILC:Director,
author={E. Paterson},
title={Director's Corner: ILC power},
month=Jan,
year={2009},
url={http://www.linearcollider.org/ILC/GDE/Director%27s-Corner/2009/29-January-2009----ILC-power}
}

@online{
CLIC:Power,
author={CLIC},
title={CLIC: Total Power Consumption},
url={http://project-clic-cdr.web.cern.ch/project-clic-cdr/Drafts/Power_Consumption_Ch2.pdf}

@online{
CERN:Higgs,
author={CERN},
title={The Higgs boson},
url={http://home.web.cern.ch/topics/higgs-boson},
month=Mar,
year={2014}
}

@online{
ATLAS:8TeV,
author={V. Jain},
title={What does 8 TeV mean?},
url={http://atlas.ch/blog/?p=1254},
month=Apr,
year={2012}
}

%end Energy reach evaluation and comparison references
